Instrument,Date,Revenue,Gross Profit,EBIT,EBITDA,Total Assets,Total Liabilities,Enterprise Value (Daily Time Series),Free Cash Flow,P/E (Daily Time Series Ratio),Dividend yield,"Net Profit Margin, (%)",Current Ratio,Quick Ratio,Debt - Total,"Weighted Average Cost of Capital, (%)",Common Shares - Outstanding - Total
LSEG.L,2022-12-31T00:00:00Z,7743000000.0,6679000000.0,1670000000.0,3540000000.0,835156000000.0,807005000000.0,53633967137.98,1316000000.0,59.3847158534335,1.28205128205128,10.20276,1.00166,1.00166,8823000000.0,6.45315386721125,554446680.0
LSEG.L,2022-12-31T00:00:00Z,7743000000.0,6679000000.0,1670000000.0,3540000000.0,835156000000.0,807005000000.0,51061874762.64,1316000000.0,55.8497423302432,1.37321091007291,10.20276,1.00166,1.00166,8823000000.0,6.44232396292305,554446680.0
LSEG.L,2021-12-31T00:00:00Z,6535000000.0,5676000000.0,1406000000.0,2941000000.0,787109000000.0,761590000000.0,47306315084.8,1039000000.0,46.249068343,1.3441712926249,7.05432,1.00284,1.00284,8369000000.0,7.27993572602274,557360850.0
LSEG.L,2021-12-31T00:00:00Z,6535000000.0,5676000000.0,1406000000.0,2941000000.0,787109000000.0,761590000000.0,50107492567.08,1039000000.0,49.43776532,1.18779694923731,7.05432,1.00284,1.00284,8369000000.0,6.79922594115751,557360850.0
LSEG.L,2021-12-31T00:00:00Z,6535000000.0,5676000000.0,1406000000.0,2941000000.0,787109000000.0,761590000000.0,50188183911.68,1039000000.0,90.66178829,1.20010106114199,7.05432,1.00284,1.00284,8369000000.0,5.81363127773609,557360850.0
LSEG.L,2021-12-31T00:00:00Z,6535000000.0,5676000000.0,1406000000.0,2941000000.0,849141000000.0,845016000000.0,52045014236.64,1039000000.0,94.629429444,1.06232686980609,7.05432,1.00284,1.00284,2140000000.0,4.92830682404524,351587092.0
LSEG.L,2020-12-31T00:00:00Z,2030000000.0,1822000000.0,773000000.0,1146000000.0,849141000000.0,845016000000.0,46238106905.0,274000000.0,105.7514764,1.08028169014084,14.4335,1.0013,1.0013,2140000000.0,4.01228088409833,351587092.0
LSEG.L,2020-12-31T00:00:00Z,2030000000.0,1822000000.0,773000000.0,1146000000.0,849141000000.0,845016000000.0,49131735717.0,274000000.0,113.686652119,1.00133511348465,14.4335,1.0013,1.0013,2140000000.0,3.89277717008448,351587092.0
LSEG.L,2020-12-31T00:00:00Z,2030000000.0,1822000000.0,773000000.0,1146000000.0,849141000000.0,845016000000.0,45085859606.2,274000000.0,96.292090034,1.01351351351351,14.4335,1.0013,1.0013,2140000000.0,3.8615318225309,351587092.0
LSEG.L,2019-12-31T00:00:00Z,2314000000.0,2104000000.0,893000000.0,1262000000.0,849141000000.0,845016000000.0,39250426364.0,418000000.0,83.84781742,0.842735436334331,18.02074,1.00122,1.00122,2140000000.0,3.56444928901151,351587092.0
LSEG.L,2019-12-31T00:00:00Z,2314000000.0,2104000000.0,893000000.0,1262000000.0,803651000000.0,799850000000.0,32490965247.36,418000000.0,96.638880843,0.884271563179512,18.02074,1.00122,1.00122,2268000000.0,3.29956492227533,350000000.0
LSEG.L,2019-12-31T00:00:00Z,2314000000.0,2104000000.0,893000000.0,1262000000.0,803651000000.0,799850000000.0,32014446548.72,418000000.0,95.222769356,0.862800565770863,18.02074,1.00122,1.00122,2268000000.0,3.54511948115653,350000000.0
LSEG.L,2019-12-31T00:00:00Z,2314000000.0,2104000000.0,893000000.0,1262000000.0,803651000000.0,799850000000.0,30413950456.76,418000000.0,70.787316214,0.938841201716738,18.02074,1.00122,1.00122,2268000000.0,5.8104758252787,350000000.0
LSEG.L,2019-12-31T00:00:00Z,2314000000.0,2104000000.0,893000000.0,1262000000.0,803651000000.0,799850000000.0,26625350481.6,418000000.0,61.657293855,0.80781010719755,18.02074,1.00122,1.00122,2268000000.0,4.95294640761426,350000000.0
LSEG.L,2018-12-31T00:00:00Z,2135000000.0,1908000000.0,787000000.0,1081000000.0,842846000000.0,839148000000.0,28451059560.0,464000000.0,57.077205205,0.910267471958585,22.48244,1.00117,1.00117,2203000000.0,6.18861166390652,349000000.0
LSEG.L,2018-12-31T00:00:00Z,2135000000.0,1908000000.0,787000000.0,1081000000.0,842846000000.0,839148000000.0,26904925243.04,464000000.0,53.821963309,0.911560519166918,22.48244,1.00117,1.00117,2203000000.0,6.02506970778691,349000000.0
LSEG.L,2018-12-31T00:00:00Z,2135000000.0,1908000000.0,787000000.0,1081000000.0,842846000000.0,839148000000.0,20172378216.62,464000000.0,40.345058355,1.20462704427603,22.48244,1.00117,1.00117,2203000000.0,6.19106019747214,349000000.0
LSEG.L,2018-12-31T00:00:00Z,2135000000.0,1908000000.0,787000000.0,1081000000.0,842846000000.0,839148000000.0,17603043001.67,464000000.0,34.939732455,1.18803232146757,22.48244,1.00117,1.00117,2203000000.0,6.35605616229469,349000000.0
LSEG.L,2017-12-31T00:00:00Z,1955000000.0,1740000000.0,669000000.0,924000000.0,741980000000.0,738228000000.0,15170641718.54,350000000.0,31.198396301,1.26071842410197,19.84655,1.00115,1.00115,1953000000.0,6.78505162336358,346000000.0
LSEG.L,2017-12-31T00:00:00Z,1955000000.0,1740000000.0,669000000.0,924000000.0,741980000000.0,738228000000.0,16994531979.38,350000000.0,35.223004785,1.1735274050489,19.84655,1.00115,1.00115,1953000000.0,6.12924891297473,346000000.0
LSEG.L,2017-12-31T00:00:00Z,1955000000.0,1740000000.0,669000000.0,924000000.0,741980000000.0,738228000000.0,16636487771.34,350000000.0,40.665417569,,19.84655,1.00115,1.00115,1953000000.0,7.03516768214117,346000000.0
MCO,2022-12-31T00:00:00Z,4520122200.0,3186735750.0,1650820050.0,1924441200.0,11861600850.0,9638739000.0,54501179733.0001,789450750.0,44.9572432981747,0.98364844149208,26.00585,1.72379,1.72379,6108116850.0,8.37256921399145,183199910.0
MCO,2022-12-31T00:00:00Z,4520122200.0,3186735750.0,1650820050.0,1924441200.0,11861600850.0,9638739000.0,50153622076.1,789450750.0,39.799248025449,0.867544539116964,26.00585,1.72379,1.72379,6108116850.0,8.76710559895062,183199910.0
MCO,2021-12-31T00:00:00Z,4596034700.0,3386046150.0,2102142600.0,2292104150.0,10850722000.0,8695360600.0,47077042953.6,1381471350.0,33.294894392,1.05712236191339,35.6063,1.60697,1.60697,5479318950.0,8.89380127675329,185639788.0
MCO,2021-12-31T00:00:00Z,4596034700.0,3386046150.0,2102142600.0,2292104150.0,10850722000.0,8695360600.0,45409410397.12,1381471350.0,26.278412162,0.902497985495568,35.6063,1.60697,1.60697,5479318950.0,9.78453748989217,185639788.0
MCO,2021-12-31T00:00:00Z,4596034700.0,3386046150.0,2102142600.0,2292104150.0,10850722000.0,8695360600.0,46018743293.2,1381471350.0,25.770402082,0.884732052578362,35.6063,1.60697,1.60697,5479318950.0,9.38802514141357,185639788.0
MCO,2021-12-31T00:00:00Z,4596034700.0,3386046150.0,2102142600.0,2292104150.0,10850722000.0,8695360600.0,51741481288.8,1381471350.0,28.642517343,0.723032069970845,35.6063,1.60697,1.60697,5479318950.0,8.62032367569802,185639788.0
MCO,2020-12-31T00:00:00Z,3928188270.0,2849417520.0,1789662390.0,1950563790.0,9075570330.0,7786165020.0,57602567081.3,1078039380.0,34.989868006,0.613633551899047,33.10371,2.02925,2.02925,4696858140.0,1.59856196183214,187093709.0
MCO,2020-12-31T00:00:00Z,3928188270.0,2849417520.0,1789662390.0,1950563790.0,9075570330.0,7786165020.0,51712382903.72,1078039380.0,31.994947265,0.659574468085106,33.10371,2.02925,2.02925,4696858140.0,8.32694644884078,187093709.0
MCO,2020-12-31T00:00:00Z,3928188270.0,2849417520.0,1789662390.0,1950563790.0,9075570330.0,7786165020.0,51452253086.68,1078039380.0,33.799135924,0.759082978788528,33.10371,2.02925,2.02925,4696858140.0,7.92660756161076,187093709.0
MCO,2020-12-31T00:00:00Z,3928188270.0,2849417520.0,1789662390.0,1950563790.0,9075570330.0,7786165020.0,43413615846.08,1078039380.0,31.791778278,0.841282956508676,33.10371,2.02925,2.02925,4696858140.0,7.50935262044689,187093709.0
MCO,2019-12-31T00:00:00Z,3642031800.0,2595956400.0,1577032200.0,1727872200.0,7741863000.0,7115122800.0,42769107518.64,891464400.0,30.18422109,0.852034994294409,29.44709,1.92416,1.92416,4209190200.0,7.309048415891,187687129.0
MCO,2019-12-31T00:00:00Z,3642031800.0,2595956400.0,1577032200.0,1727872200.0,7741863000.0,7115122800.0,45496720100.9,891464400.0,31.733119918,0.796302879488091,29.44709,1.92416,1.92416,4209190200.0,7.00852822388224,187687129.0
MCO,2019-12-31T00:00:00Z,3642031800.0,2595956400.0,1577032200.0,1727872200.0,7741863000.0,7115122800.0,45444838072.92,891464400.0,34.073221521,0.918409184091841,29.44709,1.92416,1.92416,4209190200.0,7.17307393916233,187687129.0
MCO,2019-12-31T00:00:00Z,3642031800.0,2595956400.0,1577032200.0,1727872200.0,7741863000.0,7115122800.0,35055650280.0,891464400.0,28.491678813,0.7788465282916,29.44709,1.92416,1.92416,4209190200.0,8.96245540938866,187687129.0
MCO,2018-12-31T00:00:00Z,3482543676.0,2506221136.0,1509125776.0,1659552348.0,7467397656.0,6952780436.0,36969155373.6,803241836.0,34.615894938,0.906248583986587,28.14955,1.61396,1.61396,4449302880.0,8.2595976038825,191303577.0
MCO,2018-12-31T00:00:00Z,3482543676.0,2506221136.0,1509125776.0,1659552348.0,7467397656.0,6952780436.0,34968985836.48,803241836.0,33.385653769,0.933096948772978,28.14955,1.61396,1.61396,4449302880.0,8.73757691120431,191303577.0
MCO,2018-12-31T00:00:00Z,3482543676.0,2506221136.0,1509125776.0,1659552348.0,7467397656.0,6952780436.0,32671233187.84,803241836.0,30.28813349,1.01719051978436,28.14955,1.61396,1.61396,4449302880.0,8.84321160209109,191303577.0
MCO,2018-12-31T00:00:00Z,3482543676.0,2506221136.0,1509125776.0,1659552348.0,7467397656.0,6952780436.0,29350508410.0458,803241836.0,28.156772381,1.11034004163775,28.14955,1.61396,1.61396,4449302880.0,8.86093675562875,191303577.0
MCO,2017-12-31T00:00:00Z,3111370328.0,2210989000.0,1364189464.0,1481344128.0,6360395536.0,6445430728.0,24180082976.32,762726448.0,21.516643748,1.20978828704977,29.64249,1.25071,1.25071,4100561256.0,9.35760336214638,190970115.0
MCO,2017-12-31T00:00:00Z,3111370328.0,2210989000.0,1364189464.0,1481344128.0,6360395536.0,6445430728.0,27794977544.4,762726448.0,24.298935032,1.02851799906498,29.64249,1.25071,1.25071,4100561256.0,7.9421161429908,190970115.0
MCO,2017-12-31T00:00:00Z,3111370328.0,2210989000.0,1364189464.0,1481344128.0,6360395536.0,6445430728.0,28076290643.88,762726448.0,26.013046177,,29.64249,1.25071,1.25071,4100561256.0,8.60995982617222,190970115.0
MORN.O,2022-12-31T00:00:00Z,1546331490.0,902123145.0,225758115.0,361742040.0,2872443420.0,1874594205.0,7154461189.36298,39348540.0,504.67169442228,0.841231563008244,3.76884,0.91875,0.91875,917250840.0,7.86316815022226,42480051.0
MORN.O,2022-12-31T00:00:00Z,1546331490.0,902123145.0,225758115.0,361742040.0,2872443420.0,1874594205.0,7568379076.98472,39348540.0,124.405637254902,0.617588932806324,3.76884,0.91875,0.91875,917250840.0,8.46084658590491,42480051.0
MORN.O,2021-12-31T00:00:00Z,1256037595.0,739815235.0,250793595.0,360926945.0,2115964705.0,1069402220.0,8220141351.37622,133712235.0,76.064548982,0.62020845895426,11.37527,1.13287,1.13287,265650510.0,8.5711631505919,43136273.0
MORN.O,2021-12-31T00:00:00Z,1256037595.0,739815235.0,250793595.0,360926945.0,2115964705.0,1069402220.0,8763229478.43731,133712235.0,50.694325063,0.563931858233797,11.37527,1.13287,1.13287,265650510.0,9.42479583318899,43136273.0
MORN.O,2021-12-31T00:00:00Z,1256037595.0,739815235.0,250793595.0,360926945.0,2115964705.0,1069402220.0,8454292352.74677,133712235.0,56.949013642,0.568653003198673,11.37527,1.13287,1.13287,265650510.0,9.52379947680177,43136273.0
MORN.O,2021-12-31T00:00:00Z,1256037595.0,739815235.0,250793595.0,360926945.0,2115964705.0,1069402220.0,8762173315.93586,133712235.0,61.391207418,0.501026408266936,11.37527,1.13287,1.13287,265650510.0,8.76394283966073,43136273.0
MORN.O,2020-12-31T00:00:00Z,1016238615.0,637169544.0,293352507.0,394939800.0,1971773520.0,1041909702.0,10810237018.2884,171213717.0,69.796583949,0.397790055248619,16.09212,1.1652,1.1652,328458267.0,1.52846490298814,42898158.0
MORN.O,2020-12-31T00:00:00Z,1016238615.0,637169544.0,293352507.0,394939800.0,1971773520.0,1041909702.0,8225081376.99658,171213717.0,46.801344976,0.498753117206983,16.09212,1.1652,1.1652,328458267.0,8.17144224864453,42898158.0
MORN.O,2020-12-31T00:00:00Z,1016238615.0,637169544.0,293352507.0,394939800.0,1971773520.0,1041909702.0,7964345942.35969,171213717.0,43.647580293,0.47545375646202,16.09212,1.1652,1.1652,328458267.0,7.8211364186237,42898158.0
MORN.O,2020-12-31T00:00:00Z,1016238615.0,637169544.0,293352507.0,394939800.0,1971773520.0,1041909702.0,7002998747.34201,171213717.0,43.488931619,0.548088216103354,16.09212,1.1652,1.1652,328458267.0,7.20993768656243,42898158.0
MORN.O,2019-12-31T00:00:00Z,889201800.0,524847780.0,229729320.0,318498660.0,1788132780.0,970881660.0,7332660143.662,107699760.0,56.951798666,0.630318310746927,12.89228,1.21662,1.21662,386980020.0,6.80032406681325,42848359.0
MORN.O,2019-12-31T00:00:00Z,889201800.0,524847780.0,229729320.0,318498660.0,1788132780.0,970881660.0,5418116666.43799,107699760.0,46.705925118,0.714115686741252,12.89228,1.21662,1.21662,386980020.0,7.15182667604281,42848359.0
MORN.O,2019-12-31T00:00:00Z,889201800.0,524847780.0,229729320.0,318498660.0,1788132780.0,970881660.0,5011833474.9495,107699760.0,42.720641491,0.769428058476532,12.89228,1.21662,1.21662,386980020.0,7.44124949240391,42848359.0
MORN.O,2019-12-31T00:00:00Z,889201800.0,524847780.0,229729320.0,318498660.0,1788132780.0,970881660.0,4138547500.388,107699760.0,33.026131127,0.764867104340621,12.89228,1.21662,1.21662,386980020.0,7.26733498551377,42848359.0
MORN.O,2018-12-31T00:00:00Z,799479212.0,477226144.0,169161304.0,244962500.0,1139604744.0,406912108.0,5030937087.92573,125969516.0,39.654688929,0.69204152249135,17.70762,1.65821,1.65821,56752912.0,6.01330249738278,42624118.0
MORN.O,2018-12-31T00:00:00Z,799479212.0,477226144.0,169161304.0,244962500.0,1139604744.0,406912108.0,4761536697.11056,125969516.0,36.541303375,0.736939070930386,17.70762,1.65821,1.65821,56752912.0,6.71698435528479,42624118.0
MORN.O,2018-12-31T00:00:00Z,799479212.0,477226144.0,169161304.0,244962500.0,1139604744.0,406912108.0,4586113015.14363,125969516.0,36.208881991,0.780759846636459,17.70762,1.65821,1.65821,56752912.0,7.18024371294933,42624118.0
MORN.O,2018-12-31T00:00:00Z,799479212.0,477226144.0,169161304.0,244962500.0,1139604744.0,406912108.0,3874017239.03657,125969516.0,30.003333968,0.90213451469996,17.70762,1.65821,1.65821,56752912.0,7.33520418965706,42624118.0
MORN.O,2017-12-31T00:00:00Z,674730936.0,388616008.0,125665584.0,193160880.0,1040330456.0,444640064.0,3456188512.52441,83555032.0,27.936811531,0.801282051282051,13.85324,1.63923,1.63923,133214400.0,7.40130899480026,42547707.0
MORN.O,2017-12-31T00:00:00Z,674730936.0,388616008.0,125665584.0,193160880.0,1040330456.0,444640064.0,3946113972.92125,83555032.0,36.990245622,0.757575757575758,13.85324,1.63923,1.63923,133214400.0,7.14246249959773,42547707.0
MORN.O,2017-12-31T00:00:00Z,674730936.0,388616008.0,125665584.0,193160880.0,1040330456.0,444640064.0,3973223279.24307,83555032.0,36.63113518,,13.85324,1.63923,1.63923,133214400.0,6.7821730770669,42547707.0
SPGI.K,2022-12-31T00:00:00Z,9242773650.0,6129609750.0,3545501850.0,4382898300.0,51073743600.0,20920031550.0,112061438470.8,2828796300.0,47.1920111785113,0.992884328975674,29.04928,0.94466,0.94466,9056777400.0,7.78888618862545,329000000.0
SPGI.K,2022-12-31T00:00:00Z,9242773650.0,6129609750.0,3545501850.0,4382898300.0,51073743600.0,20920031550.0,100230114759.28,2828796300.0,32.8462807019884,0.960153624579933,29.04928,0.94466,0.94466,9056777400.0,8.2155549841026,329000000.0
SPGI.K,2021-12-31T00:00:00Z,6132727550.0,4510293300.0,3335783950.0,3467352650.0,11106467900.0,9549078850.0,100648317745.8,1968356450.0,28.004993307,1.05836575875486,36.44691,2.30931,2.30931,3040863100.0,8.34113010134011,241000000.0
SPGI.K,2021-12-31T00:00:00Z,6132727550.0,4510293300.0,3335783950.0,3467352650.0,11106467900.0,9549078850.0,100735266813.5,1968356450.0,22.753217567,0.902024248534211,36.44691,2.30931,2.30931,3040863100.0,9.1710666424381,241000000.0
SPGI.K,2021-12-31T00:00:00Z,6132727550.0,4510293300.0,3335783950.0,3467352650.0,11106467900.0,9549078850.0,101696336857.92,1968356450.0,24.3266085,0.903054448871182,36.44691,2.30931,2.30931,3040863100.0,8.70635003800563,241000000.0
SPGI.K,2021-12-31T00:00:00Z,6132727550.0,4510293300.0,3335783950.0,3467352650.0,11106467900.0,9549078850.0,109231217731.919,1968356450.0,32.785994215,0.741775444342758,36.44691,2.30931,2.30931,3040863100.0,8.1412135291661,241000000.0
SPGI.K,2020-12-31T00:00:00Z,5442855540.0,3912829500.0,2804072580.0,2954734800.0,9169185690.0,8751573420.0,85153871839.5,1476636030.0,40.674328709,0.649569765480007,31.42972,1.66936,1.66936,3005930700.0,1.5323852191659,241000000.0
SPGI.K,2020-12-31T00:00:00Z,5442855540.0,3912829500.0,2804072580.0,2954734800.0,9169185690.0,8751573420.0,77544870757.2,1476636030.0,41.703104987,0.718417615226721,31.42972,1.66936,1.66936,3005930700.0,7.39161672621578,241000000.0
SPGI.K,2020-12-31T00:00:00Z,5442855540.0,3912829500.0,2804072580.0,2954734800.0,9169185690.0,8751573420.0,73307318544.1,1476636030.0,40.389558249,0.788954635108481,31.42972,1.66936,1.66936,3005930700.0,7.09139562819648,241000000.0
SPGI.K,2020-12-31T00:00:00Z,5442855540.0,3912829500.0,2804072580.0,2954734800.0,9169185690.0,8751573420.0,63747254591.2332,1476636030.0,36.515112788,0.971608832807571,31.42972,1.66936,1.66936,3005930700.0,6.66144515881849,241000000.0
SPGI.K,2019-12-31T00:00:00Z,5052385800.0,3694071600.0,2484334800.0,2638191600.0,8558661600.0,8154410400.0,60426841110.06,1381694400.0,32.911473513,0.830415517615344,31.6913,1.52344,1.52344,2977581600.0,6.64611036902877,244000000.0
SPGI.K,2019-12-31T00:00:00Z,5052385800.0,3694071600.0,2484334800.0,2638191600.0,8558661600.0,8154410400.0,70182865578.0,1381694400.0,33.992988357,0.765167737330478,31.6913,1.52344,1.52344,2977581600.0,6.55285255693605,244000000.0
SPGI.K,2019-12-31T00:00:00Z,5052385800.0,3694071600.0,2484334800.0,2638191600.0,8558661600.0,8154410400.0,67515992612.64,1381694400.0,34.402108314,0.915050532641355,31.6913,1.52344,1.52344,2977581600.0,7.6016661531524,244000000.0
SPGI.K,2019-12-31T00:00:00Z,5052385800.0,3694071600.0,2484334800.0,2638191600.0,8558661600.0,8154410400.0,50266532269.1436,1381694400.0,28.487031164,0.912402546556361,31.6913,1.52344,1.52344,2977581600.0,7.69054929555602,244000000.0
SPGI.K,2018-12-31T00:00:00Z,4905521040.0,3572141160.0,2297552280.0,2459031560.0,7400611080.0,6864437160.0,53158595364.0,1341218680.0,32.398766462,0.883755184309469,31.28795,1.36388,1.36388,2870568560.0,7.60340217616319,249000000.0
SPGI.K,2018-12-31T00:00:00Z,4905521040.0,3572141160.0,2297552280.0,2459031560.0,7400611080.0,6864437160.0,52144304191.38,1341218680.0,31.099054131,0.930802204531537,31.28795,1.36388,1.36388,2870568560.0,8.19757573229542,249000000.0
SPGI.K,2018-12-31T00:00:00Z,4905521040.0,3572141160.0,2297552280.0,2459031560.0,7400611080.0,6864437160.0,47309711640.32,1341218680.0,30.559185196,1.03326384482915,31.28795,1.36388,1.36388,2870568560.0,8.37134018227206,249000000.0
SPGI.K,2018-12-31T00:00:00Z,4905521040.0,3572141160.0,2297552280.0,2459031560.0,7400611080.0,6864437160.0,42372308807.6978,1341218680.0,27.227959642,1.18966866684059,31.28795,1.36388,1.36388,2870568560.0,8.87087180493682,249000000.0
SPGI.K,2017-12-31T00:00:00Z,4487105040.0,3232669440.0,2001916400.0,2135130800.0,6975254000.0,6406872560.0,35806812190.48,1053133840.0,23.275402772,1.09697235629662,27.13178,1.34536,1.34536,2641345520.0,9.04994314909631,254000000.0
SPGI.K,2017-12-31T00:00:00Z,4487105040.0,3232669440.0,2001916400.0,2135130800.0,6975254000.0,6406872560.0,40220873454.3,1053133840.0,28.097982709,0.997804829375374,27.13178,1.34536,1.34536,2641345520.0,8.79966772047397,254000000.0
SPGI.K,2017-12-31T00:00:00Z,4487105040.0,3232669440.0,2001916400.0,2135130800.0,6975254000.0,6406872560.0,41237414283.69,1053133840.0,30.189154174,,27.13178,1.34536,1.34536,2641345520.0,9.9384302055112,254000000.0
MSCI.K,2022-12-31T00:00:00Z,1858803536.7,1524555049.05,1001650978.35,1099172532.15,4131212307.75,4964413509.0,32275697945.1832,448651887.75,43.0226311379375,1.14416001658203,38.71626,1.39779,1.39779,3729800160.9,7.86668444552133,79959989.0
MSCI.K,2022-12-31T00:00:00Z,1858803536.7,1524555049.05,1001650978.35,1099172532.15,4131212307.75,4964413509.0,39186484416.2189,448651887.75,52.2210434878346,1.03845285574535,38.71626,1.39779,1.39779,3729800160.9,8.29141034538504,79959989.0
MSCI.K,2021-12-31T00:00:00Z,1510485547.6,1245364269.0,797982644.25,878914395.2,4070279522.45,4191106155.5,33760410864.1606,349369595.6,44.882903258,1.06641641428145,35.52568,1.71344,1.71344,3191130077.55,8.61889751801636,82439449.0
MSCI.K,2021-12-31T00:00:00Z,1510485547.6,1245364269.0,797982644.25,878914395.2,4070279522.45,4191106155.5,33714172430.3934,349369595.6,43.398185217,1.03876677608343,35.52568,1.71344,1.71344,3191130077.55,9.35305450920814,82439449.0
MSCI.K,2021-12-31T00:00:00Z,1510485547.6,1245364269.0,797982644.25,878914395.2,4070279522.45,4191106155.5,30322978477.9635,349369595.6,45.218412117,0.987537091988131,35.52568,1.71344,1.71344,3191130077.55,8.98811826372897,82439449.0
MSCI.K,2021-12-31T00:00:00Z,1510485547.6,1245364269.0,797982644.25,878914395.2,4070279522.45,4191106155.5,33204859589.0914,349369595.6,57.828886845,0.775945683802134,35.52568,1.71344,1.71344,3191130077.55,7.62437813722324,82439449.0
MSCI.K,2020-12-31T00:00:00Z,1239957384.3,1026613829.82,647089846.68,710533268.7,3070764456.39,3394932506.97,39463212735.1178,281467013.13,74.330414823,0.625676813861148,35.12596,1.88457,1.88457,2567585553.24,1.59588282071965,82573407.0
MSCI.K,2020-12-31T00:00:00Z,1239957384.3,1026613829.82,647089846.68,710533268.7,3070764456.39,3394932506.97,38705866451.4754,281467013.13,73.26599359,0.698033425062085,35.12596,1.88457,1.88457,2567585553.24,7.2342696329758,82573407.0
MSCI.K,2020-12-31T00:00:00Z,1239957384.3,1026613829.82,647089846.68,710533268.7,3070764456.39,3394932506.97,33435831702.0858,281467013.13,69.393206474,0.642279267966322,35.12596,1.88457,1.88457,2567585553.24,6.86643602531539,82573407.0
MSCI.K,2020-12-31T00:00:00Z,1239957384.3,1026613829.82,647089846.68,710533268.7,3070764456.39,3394932506.97,26679863305.3984,281467013.13,59.499009485,0.789273969137364,35.12596,1.88457,1.88457,2567585553.24,6.51142319226875,82573407.0
MSCI.K,2019-12-31T00:00:00Z,1174889743.2,952430157.0,569949694.2,629839962.0,3170987893.8,3228845592.6,28580511388.8553,276312483.0,67.494686945,0.891836268008232,36.1824,2.31107,2.31107,2431767814.2,5.95417100812508,84794930.0
MSCI.K,2019-12-31T00:00:00Z,1174889743.2,952430157.0,569949694.2,629839962.0,3170987893.8,3228845592.6,24635909625.7981,276312483.0,58.264350115,0.829831374009256,36.1824,2.31107,2.31107,2431767814.2,5.76688291715026,84794930.0
MSCI.K,2019-12-31T00:00:00Z,1174889743.2,952430157.0,569949694.2,629839962.0,3170987893.8,3228845592.6,24202956462.63,276312483.0,53.578364497,0.831804281345566,36.1824,2.31107,2.31107,2431767814.2,7.53966805707248,84794930.0
MSCI.K,2019-12-31T00:00:00Z,1174889743.2,952430157.0,569949694.2,629839962.0,3170987893.8,3228845592.6,21042949775.7248,276312483.0,43.855841526,0.951714485654304,36.1824,2.31107,2.31107,2431767814.2,8.05820179881033,84794930.0
MSCI.K,2018-12-31T00:00:00Z,1124071377.92,898835218.12,538445604.24,605494780.04,2655747813.76,2786259130.48,17774029250.7181,284016185.48,37.607390381,1.15961800818554,34.63672,1.77389,1.77389,2018884507.76,7.7689899999193,84174138.0
MSCI.K,2018-12-31T00:00:00Z,1124071377.92,898835218.12,538445604.24,605494780.04,2655747813.76,2786259130.48,16480283696.8063,284016185.48,32.896774379,1.02094701637036,34.63672,1.77389,1.77389,2018884507.76,8.29046170653223,84174138.0
MSCI.K,2018-12-31T00:00:00Z,1124071377.92,898835218.12,538445604.24,605494780.04,2655747813.76,2786259130.48,17453826630.7161,284016185.48,37.177678758,1.02937261513888,34.63672,1.77389,1.77389,2018884507.76,8.3676775669961,84174138.0
MSCI.K,2018-12-31T00:00:00Z,1124071377.92,898835218.12,538445604.24,605494780.04,2655747813.76,2786259130.48,14201660551.6878,284016185.48,35.709667687,1.36254184530452,34.63672,1.77389,1.77389,2018884507.76,8.4599396858534,84174138.0
MSCI.K,2017-12-31T00:00:00Z,942989213.76,740443379.28,429076181.6,488272960.56,2424256373.44,2127475412.48,11095744086.1978,184964494.0,29.91400965,1.54275834552467,26.56407,2.08522,2.08522,1537955067.44,8.52616400552371,90104885.0
MSCI.K,2017-12-31T00:00:00Z,942989213.76,740443379.28,429076181.6,488272960.56,2424256373.44,2127475412.48,13022745862.6843,184964494.0,39.423393154,0.914615801191407,26.56407,2.08522,2.08522,1537955067.44,7.07538634044266,90104885.0
MSCI.K,2017-12-31T00:00:00Z,942989213.76,740443379.28,429076181.6,488272960.56,2424256373.44,2127475412.48,12081613471.5407,184964494.0,40.244341514,,26.56407,2.08522,2.08522,1537955067.44,6.9699872929976,90104885.0
VRSK.O,2022-12-31T00:00:00Z,2064145050.0,1382489460.0,1162683225.0,1359921915.0,5754393315.0,4293124110.0,27823351663.6431,670247820.0,48.4809876797419,0.700633661326052,41.71806,0.39889,0.39889,3088447065.0,6.9416639034318,154701136.0
VRSK.O,2022-12-31T00:00:00Z,2064145050.0,1382489460.0,1162683225.0,1359921915.0,5754393315.0,4293124110.0,25440328108.4405,670247820.0,29.9679639872106,0.68210572638759,41.71806,0.39889,0.39889,3088447065.0,7.0506986831408,154701136.0
VRSK.O,2021-12-31T00:00:00Z,1820156875.0,1189144520.0,673661310.0,858596640.0,5771357115.0,3670323240.0,25412512342.2043,296177405.0,29.5970956528742,0.678225674123503,24.64975,0.48969,0.48969,2449617015.0,7.31329404301469,161651639.0
VRSK.O,2021-12-31T00:00:00Z,1820156875.0,1189144520.0,673661310.0,858596640.0,5771357115.0,3670323240.0,26669316691.4276,296177405.0,28.4177829030033,0.651773981603154,24.64975,0.48969,0.48969,2449617015.0,7.9522051067097,161651639.0
VRSK.O,2021-12-31T00:00:00Z,1820156875.0,1189144520.0,673661310.0,858596640.0,5771357115.0,3670323240.0,25175686956.7986,296177405.0,30.3511715948525,0.607694192599853,24.64975,0.48969,0.48969,2449617015.0,7.61513905590714,161651639.0
VRSK.O,2021-12-31T00:00:00Z,1820156875.0,1189144520.0,673661310.0,858596640.0,5771357115.0,3670323240.0,28293501440.9441,296177405.0,57.759119471,0.591444450109621,24.64975,0.48969,0.48969,2449617015.0,7.05343062640638,161651639.0
VRSK.O,2020-12-31T00:00:00Z,1659771078.0,1080745449.0,699409131.0,869525793.0,5530473666.0,3557091132.0,29336450539.6668,339209406.0,58.335501181,0.55167166024635,28.80938,0.55507,0.55507,2350550043.0,1.54742238366395,162817526.0
VRSK.O,2020-12-31T00:00:00Z,1659771078.0,1080745449.0,699409131.0,869525793.0,5530473666.0,3557091132.0,26106355822.0231,339209406.0,52.660641646,0.61071917447615,28.80938,0.55507,0.55507,2350550043.0,6.00413489784978,162817526.0
VRSK.O,2020-12-31T00:00:00Z,1659771078.0,1080745449.0,699409131.0,869525793.0,5530473666.0,3557091132.0,22498850236.0201,339209406.0,44.315034444,0.616365568544102,28.80938,0.55507,0.55507,2350550043.0,5.78426890992796,162817526.0
VRSK.O,2020-12-31T00:00:00Z,1659771078.0,1080745449.0,699409131.0,869525793.0,5530473666.0,3557091132.0,22992986514.3268,339209406.0,44.692949396,0.588555858310627,28.80938,0.55507,0.55507,2350550043.0,5.61488228819627,162817526.0
VRSK.O,2019-12-31T00:00:00Z,1966274820.0,1229572260.0,555392880.0,789571980.0,5321031840.0,3615936480.0,26833611287.102,286671420.0,51.426179069,0.606843850087093,17.25672,0.49933,0.49933,2376484200.0,5.20661321142116,163161564.0
VRSK.O,2019-12-31T00:00:00Z,1966274820.0,1229572260.0,555392880.0,789571980.0,5321031840.0,3615936480.0,25544767332.3163,286671420.0,59.53084643,0.572306714005617,17.25672,0.49933,0.49933,2376484200.0,4.51574982958698,163161564.0
VRSK.O,2019-12-31T00:00:00Z,1966274820.0,1229572260.0,555392880.0,789571980.0,5321031840.0,3615936480.0,24605715978.2731,286671420.0,58.070899724,0.706667539095727,17.25672,0.49933,0.49933,2376484200.0,7.00020452797975,163161564.0
VRSK.O,2019-12-31T00:00:00Z,1966274820.0,1229572260.0,555392880.0,789571980.0,5321031840.0,3615936480.0,20627560967.8175,286671420.0,51.587257525,0.615498245829999,17.25672,0.49933,0.49933,2376484200.0,5.4367363845948,163161564.0
VRSK.O,2018-12-31T00:00:00Z,1877470988.0,1182796532.0,653834308.0,885941176.0,4625127164.0,3002025236.0,20173377777.2846,521123424.0,53.60180898,0.691085003455425,25.03862,0.48656,0.48656,2134740404.0,5.50283958448593,163970410.0
VRSK.O,2018-12-31T00:00:00Z,1877470988.0,1182796532.0,653834308.0,885941176.0,4625127164.0,3002025236.0,22977542849.7403,521123424.0,44.225686919,0.659108884787767,25.03862,0.48656,0.48656,2134740404.0,5.83920190256458,163970410.0
VRSK.O,2018-12-31T00:00:00Z,1877470988.0,1182796532.0,653834308.0,885941176.0,4625127164.0,3002025236.0,20810613493.4103,521123424.0,40.86860434,0.708516366728072,25.03862,0.48656,0.48656,2134740404.0,6.30100269374104,163970410.0
VRSK.O,2018-12-31T00:00:00Z,1877470988.0,1182796532.0,653834308.0,885941176.0,4625127164.0,3002025236.0,18671506728.0192,521123424.0,37.320657405,0.75187969924812,25.03862,0.48656,0.48656,2134740404.0,6.59737280396717,163970410.0
VRSK.O,2017-12-31T00:00:00Z,1587619616.0,1007544912.0,592952096.0,768647088.0,4455503624.0,3030553592.0,15980005363.2968,384767592.0,32.353778959,,21.72292,0.44677,0.44677,2226752704.0,6.80674726217547,164878930.0
VRSK.O,2017-12-31T00:00:00Z,1587619616.0,1007544912.0,592952096.0,768647088.0,4455503624.0,3030553592.0,17271240013.0091,384767592.0,38.862525629,,21.72292,0.44677,0.44677,2226752704.0,5.95757520313926,164878930.0
VRSK.O,2017-12-31T00:00:00Z,1587619616.0,1007544912.0,592952096.0,768647088.0,4455503624.0,3030553592.0,15459064228.0614,384767592.0,36.980922049,,21.72292,0.44677,0.44677,2226752704.0,6.162737750309,164878930.0
FDS,2022-08-31T00:00:00Z,1586558432.48,1056522229.84,493638730.2,568238878.2,3454068594.2,2308471894.68,13020679547.1639,263748091.88,34.8544663999986,0.864728314994292,21.52604,1.98579,1.98579,1705756906.56,6.80324822070658,38044756.0
FDS,2022-08-31T00:00:00Z,1586558432.48,1056522229.84,493638730.2,568238878.2,3454068594.2,2308471894.68,14023642989.3403,263748091.88,37.8890083629838,0.841726958906701,21.52604,1.98579,1.98579,1705756906.56,7.05402229887323,38044756.0
FDS,2022-08-31T00:00:00Z,1586558432.48,1056522229.84,493638730.2,568238878.2,3454068594.2,2308471894.68,13881890391.3556,263748091.88,39.23488023,0.836682413217702,21.52604,1.98579,1.98579,1705756906.56,7.39973770428606,38044756.0
FDS,2022-08-31T00:00:00Z,1586558432.48,1056522229.84,493638730.2,568238878.2,3454068594.2,2308471894.68,15000609420.1492,263748091.88,39.289873659,0.828523552411097,21.52604,1.98579,1.98579,1705756906.56,7.77403015293133,38044756.0
FDS,2021-08-31T00:00:00Z,1157076001.7,767153723.7,358572904.92,403577918.92,1617664876.4,878715264.22,11804963683.1274,205203960.28,35.396185639,0.882301915784778,25.10863,2.95712,2.95712,417721417.1,7.25539952717441,37615419.0
FDS,2021-08-31T00:00:00Z,1157076001.7,767153723.7,358572904.92,403577918.92,1617664876.4,878715264.22,12425548568.3189,205203960.28,41.226530837,0.777453838678329,25.10863,2.95712,2.95712,417721417.1,6.82951766017586,37615419.0
FDS,2021-08-31T00:00:00Z,1157076001.7,767153723.7,358572904.92,403577918.92,1617664876.4,878715264.22,13472105090.9778,205203960.28,46.910532066,0.738921804951677,25.10863,2.95712,2.95712,417721417.1,1.52457616671581,37615419.0
FDS,2021-08-31T00:00:00Z,1157076001.7,767153723.7,358572904.92,403577918.92,1617664876.4,878715264.22,10994975338.1565,205203960.28,39.394483695,0.918047469771608,25.10863,2.95712,2.95712,417721417.1,6.1424379157408,37615419.0
FDS,2020-08-31T00:00:00Z,1117595028.0,764953420.0,353632708.0,396717508.0,1558374224.0,887885724.0,9136563367.82448,181357836.0,33.441813377,0.91606686098388,24.96053,3.04724,3.04724,429616792.0,6.04889997209266,38030252.0
FDS,2020-08-31T00:00:00Z,1117595028.0,764953420.0,353632708.0,396717508.0,1558374224.0,887885724.0,8475198801.39354,181357836.0,31.385587385,1.01872064563075,24.96053,3.04724,3.04724,429616792.0,5.77054054586595,38030252.0
FDS,2020-08-31T00:00:00Z,1117595028.0,764953420.0,353632708.0,396717508.0,1558374224.0,887885724.0,9213118705.5876,181357836.0,34.449461345,1.00489396411093,24.96053,3.04724,3.04724,429616792.0,5.31095940378435,38030252.0
FDS,2020-08-31T00:00:00Z,1117595028.0,764953420.0,353632708.0,396717508.0,1558374224.0,887885724.0,9923504059.61297,181357836.0,34.499526105,0.889402252382327,24.96053,3.04724,3.04724,429616792.0,5.3266101900875,38030252.0
FDS,2019-08-31T00:00:00Z,1180777146.64,634999929.2,365540084.0,415309804.0,1283425343.2,730400667.36,10232006842.7852,206044995.52,34.785601576,1.04727272727273,24.34178,2.66675,2.66675,472338499.36,7.69841919595202,38117840.0
FDS,2019-08-31T00:00:00Z,1180777146.64,634999929.2,365540084.0,415309804.0,1283425343.2,730400667.36,8120729717.44613,206044995.52,28.004512005,1.00660585089651,24.34178,2.66675,2.66675,472338499.36,6.67743941390127,38117840.0
FDS,2019-08-31T00:00:00Z,1180777146.64,634999929.2,365540084.0,415309804.0,1283425343.2,730400667.36,7812629436.97008,206044995.52,29.856326859,1.13600504891133,24.34178,2.66675,2.66675,472338499.36,7.06189624760975,38117840.0
FDS,2019-08-31T00:00:00Z,1180777146.64,634999929.2,365540084.0,415309804.0,1283425343.2,730400667.36,7747115762.28072,206044995.52,28.868122924,1.03858636855391,24.34178,2.66675,2.66675,472338499.36,7.56461455461052,38117840.0
FDS,2018-08-31T00:00:00Z,1041704374.75,533024545.95,299220977.9,343430792.9,1095174332.85,689416187.85,8896342988.88059,175108673.35,35.99172552,0.927973320767028,21.67064,1.94866,1.94866,443467651.25,7.95838835644044,38192586.0
FDS,2018-08-31T00:00:00Z,1041704374.75,533024545.95,299220977.9,343430792.9,1095174332.85,689416187.85,7574844002.89535,175108673.35,31.960401903,1.17092805195993,21.67064,1.94866,1.94866,443467651.25,8.66161026693869,38192586.0
FDS,2018-08-31T00:00:00Z,1041704374.75,533024545.95,299220977.9,343430792.9,1095174332.85,689416187.85,6231008511.30907,175108673.35,26.939385373,1.14408294601359,21.67064,1.94866,1.94866,443467651.25,8.82342352961643,38192586.0
FDS,2018-08-31T00:00:00Z,1041704374.75,533024545.95,299220977.9,343430792.9,1095174332.85,689416187.85,6840950536.72389,175108673.35,31.204536103,1.27135478744537,21.67064,1.94866,1.94866,443467651.25,7.69779996444032,38192586.0
FDS,2017-08-31T00:00:00Z,944533109.34,506306142.54,275378831.1,312427565.1,1093142619.9,660244019.04,5987946248.61027,145719090.54,28.645629987,,21.14833,2.03529,2.03529,444739500.0,7.99280560588905,39023032.0
ICE,2022-12-31T00:00:00Z,7965599400.0,6027931800.0,3084231150.0,3936507300.0,160649507700.0,141834127050.0,62505815006.9372,987020100.0,43.932989370299,1.54227485541173,15.00623,1.05213,1.05213,14980551300.0,6.76085584138099,559000000.0
ICE,2022-12-31T00:00:00Z,7965599400.0,6027931800.0,3084231150.0,3936507300.0,160649507700.0,141834127050.0,60610080553.5877,987020100.0,40.5600388915897,1.41329614132961,15.00623,1.05213,1.05213,14980551300.0,6.9243032597101,559000000.0
ICE,2021-12-31T00:00:00Z,6776527200.0,5281965900.0,2624721650.0,3370524000.0,143027003300.0,126212819100.0,61403405935.7132,2867162850.0,22.715396606,1.59045725646123,44.26265,1.00579,1.00579,10287489700.0,7.13497402248047,561000000.0
ICE,2021-12-31T00:00:00Z,6776527200.0,5281965900.0,2624721650.0,3370524000.0,143027003300.0,126212819100.0,60740950965.3977,2867162850.0,15.116329651,1.49034219041082,44.26265,1.00579,1.00579,10287489700.0,7.54940484819172,561000000.0
ICE,2021-12-31T00:00:00Z,6776527200.0,5281965900.0,2624721650.0,3370524000.0,143027003300.0,126212819100.0,54271659954.878,2867162850.0,13.057774124,1.31249460322943,44.26265,1.00579,1.00579,10287489700.0,7.58800619974502,561000000.0
ICE,2021-12-31T00:00:00Z,6776527200.0,5281965900.0,2624721650.0,3370524000.0,143027003300.0,126212819100.0,66545891451.5002,2867162850.0,18.400319763,1.04216011369019,44.26265,1.00579,1.00579,10287489700.0,6.4796808978258,561000000.0
ICE,2020-12-31T00:00:00Z,6029414280.0,4414549320.0,2295039060.0,2844297930.0,92298894000.0,78012312420.0,67102853926.3133,1301838600.0,25.279652809,0.953343926043623,25.33964,0.99114,0.99114,12094665690.0,1.58930104968229,561000000.0
ICE,2020-12-31T00:00:00Z,6029414280.0,4414549320.0,2295039060.0,2844297930.0,92298894000.0,78012312420.0,58371028360.9916,1301838600.0,22.965331989,1.10156054410415,25.33964,0.99114,0.99114,12094665690.0,6.00357915592654,561000000.0
ICE,2020-12-31T00:00:00Z,6029414280.0,4414549320.0,2295039060.0,2844297930.0,92298894000.0,78012312420.0,59708533415.6016,1301838600.0,31.768377217,1.12140005097273,25.33964,0.99114,0.99114,12094665690.0,6.05016283656603,561000000.0
ICE,2020-12-31T00:00:00Z,6029414280.0,4414549320.0,2295039060.0,2844297930.0,92298894000.0,78012312420.0,57280250738.3464,1301838600.0,29.668750315,1.08744902582691,25.33964,0.99114,0.99114,12094665690.0,5.13346178271606,561000000.0
ICE,2019-12-31T00:00:00Z,4937747400.0,3923348400.0,2017485000.0,2493385200.0,71266620600.0,58229519400.0,59648640080.2536,1255743000.0,31.771183545,1.27118644067797,29.52497,0.98784,0.98784,5897089800.0,4.32467853365799,554000000.0
ICE,2019-12-31T00:00:00Z,4937747400.0,3923348400.0,2017485000.0,2493385200.0,71266620600.0,58229519400.0,49408957649.4767,1255743000.0,25.915862165,1.23992560446373,29.52497,0.98784,0.98784,5897089800.0,4.29416491843217,554000000.0
ICE,2019-12-31T00:00:00Z,4937747400.0,3923348400.0,2017485000.0,2493385200.0,71266620600.0,58229519400.0,46768899594.4616,1255743000.0,24.479869583,1.34153158188932,29.52497,0.98784,0.98784,5897089800.0,8.01691270415162,554000000.0
ICE,2019-12-31T00:00:00Z,4937747400.0,3923348400.0,2017485000.0,2493385200.0,71266620600.0,58229519400.0,41415439732.5841,1255743000.0,23.612491959,1.102867455384,29.52497,0.98784,0.98784,5897089800.0,4.17947902050687,554000000.0
ICE,2018-12-31T00:00:00Z,4919630880.0,3902938520.0,2054549480.0,2510767640.0,72737009080.0,59229972800.0,44348786855.7083,1376493280.0,25.219564169,1.16624257845632,31.50096,1.00883,1.00883,5832851080.0,4.23677870085545,569000000.0
ICE,2018-12-31T00:00:00Z,4919630880.0,3902938520.0,2054549480.0,2510767640.0,72737009080.0,59229972800.0,47833149706.2662,1376493280.0,26.173658979,1.25199180514455,31.50096,1.00883,1.00883,5832851080.0,4.56390427722488,569000000.0
ICE,2018-12-31T00:00:00Z,4919630880.0,3902938520.0,2054549480.0,2510767640.0,72737009080.0,59229972800.0,43644413256.8155,1376493280.0,24.734422983,1.35218192993239,31.50096,1.00883,1.00883,5832851080.0,4.71097820741248,569000000.0
ICE,2018-12-31T00:00:00Z,4919630880.0,3902938520.0,2054549480.0,2510767640.0,72737009080.0,59229972800.0,38287232273.0765,1376493280.0,22.281399977,1.25065138092757,31.50096,1.00883,1.00883,5832851080.0,5.02774522336403,569000000.0
ICE,2017-12-31T00:00:00Z,4324287440.0,3432491040.0,1791733680.0,2183236000.0,57921621120.0,45351362320.0,39272199402.7677,1099758880.0,23.811104262,1.24610591900311,30.15574,0.98868,0.98868,4514488000.0,5.69768725118453,583000000.0
ICE,2017-12-31T00:00:00Z,4324287440.0,3432491040.0,1791733680.0,2183236000.0,57921621120.0,45351362320.0,37890560161.8271,1099758880.0,24.968659981,1.29887701258287,30.15574,0.98868,0.98868,4514488000.0,5.93297886423311,583000000.0
ICE,2017-12-31T00:00:00Z,4324287440.0,3432491040.0,1791733680.0,2183236000.0,57921621120.0,45351362320.0,37100741236.382,1099758880.0,25.184647466,,30.15574,0.98868,0.98868,4514488000.0,5.8956823483878,583000000.0
NDAQ.O,2022-12-31T00:00:00Z,5146722900.0,2961060300.0,1409438250.0,1622713950.0,17250532200.0,12155061600.0,22839669333.5417,699345900.0,21.6185507548062,1.58930828968756,18.06939,0.97385,0.97385,4463083350.0,6.9499267519008,491592491.0
NDAQ.O,2022-12-31T00:00:00Z,5146722900.0,2961060300.0,1409438250.0,1622713950.0,17250532200.0,12155061600.0,25510975316.693,699345900.0,24.1740068626411,1.32912443927563,18.06939,0.97385,0.97385,4463083350.0,7.40040173801351,491592491.0
NDAQ.O,2022-12-31T00:00:00Z,5146722900.0,2961060300.0,1409438250.0,1622713950.0,17250532200.0,12155061600.0,29007974257.3007,699345900.0,26.845608216,1.2853470437018,18.06939,0.97385,0.97385,4463083350.0,7.72251461719686,491592491.0
NDAQ.O,2021-12-31T00:00:00Z,4350636900.0,2527893000.0,1148639100.0,1354122800.0,14868002250.0,10133746500.0,29527598389.7479,703670800.0,25.112425511,0.442233278054174,20.1665,0.94296,0.94296,4309244500.0,8.07059529398814,500043905.43905
NDAQ.O,2021-12-31T00:00:00Z,4350636900.0,2527893000.0,1148639100.0,1354122800.0,14868002250.0,10133746500.0,24900306758.4857,703670800.0,21.900030933,1.5250683103514,20.1665,0.94296,0.94296,4309244500.0,7.99638048845706,500043905.43905
NDAQ.O,2021-12-31T00:00:00Z,4350636900.0,2527893000.0,1148639100.0,1354122800.0,14868002250.0,10133746500.0,26298035046.9973,703670800.0,25.274204372,1.20528988337704,20.1665,0.94296,0.94296,4309244500.0,6.81182491904503,500043905.43905
NDAQ.O,2021-12-31T00:00:00Z,4350636900.0,2527893000.0,1148639100.0,1354122800.0,14868002250.0,10133746500.0,29985314820.5575,703670800.0,30.570979593,1.02920855767856,20.1665,0.94296,0.94296,4309244500.0,1.59718539550011,500043905.43905
NDAQ.O,2020-12-31T00:00:00Z,4115418990.0,2123167110.0,988080870.0,1135817610.0,13149301230.0,8442203910.0,27732089694.4305,458568990.0,28.580918935,1.15675038826113,16.58077,1.55565,1.55565,4135897350.0,6.53160903100768,494805982.05982
NDAQ.O,2020-12-31T00:00:00Z,4115418990.0,2123167110.0,988080870.0,1135817610.0,13149301230.0,8442203910.0,24409114675.3793,458568990.0,28.558311354,1.33713012257026,16.58077,1.55565,1.55565,4135897350.0,6.7024798479682,494805982.05982
NDAQ.O,2020-12-31T00:00:00Z,4115418990.0,2123167110.0,988080870.0,1135817610.0,13149301230.0,8442203910.0,19466677361.0095,458568990.0,26.381251606,1.44895394396392,16.58077,1.55565,1.55565,4135897350.0,5.68986009166892,494805982.05982
NDAQ.O,2020-12-31T00:00:00Z,4115418990.0,2123167110.0,988080870.0,1135817610.0,13149301230.0,8442203910.0,17982450627.1767,458568990.0,24.304253388,1.61996859244566,16.58077,1.55565,1.55565,4135897350.0,5.07693052779719,494805982.05982
NDAQ.O,2019-12-31T00:00:00Z,3214400400.0,1911897000.0,827357400.0,970655400.0,10501480800.0,6248547000.0,17593718640.5174,401234400.0,25.653060829,1.49265097860026,18.16049,1.0149,1.0149,2917245600.0,5.29835927884841,495288272.88273
NDAQ.O,2019-12-31T00:00:00Z,3214400400.0,1911897000.0,827357400.0,970655400.0,10501480800.0,6248547000.0,18126079625.7502,401234400.0,27.314019061,1.78717972098113,18.16049,1.0149,1.0149,2917245600.0,7.76645152050597,495288272.88273
NDAQ.O,2019-12-31T00:00:00Z,3214400400.0,1911897000.0,827357400.0,970655400.0,10501480800.0,6248547000.0,14842809875.1672,401234400.0,20.483030035,1.6142881676112,18.16049,1.0149,1.0149,2917245600.0,5.38256183596631,495288272.88273
NDAQ.O,2019-12-31T00:00:00Z,3214400400.0,1911897000.0,827357400.0,970655400.0,10501480800.0,6248547000.0,15482446470.6633,401234400.0,21.823495003,1.88433396812669,18.16049,1.0149,1.0149,2917245600.0,5.19609654282383,495288272.88273
NDAQ.O,2018-12-31T00:00:00Z,3352654760.0,1980080880.0,822290120.0,986904920.0,12306916000.0,8035553880.0,15674100926.8399,444459960.0,20.030383441,1.95081456884923,17.48889,0.96956,0.96956,3783788760.0,5.2899614532352,495500267.00267
NDAQ.O,2018-12-31T00:00:00Z,3352654760.0,1980080880.0,822290120.0,986904920.0,12306916000.0,8035553880.0,14819902820.2033,444459960.0,19.682586272,2.03904555314534,17.48889,0.96956,0.96956,3783788760.0,5.30465805224191,495500267.00267
NDAQ.O,2018-12-31T00:00:00Z,3352654760.0,1980080880.0,822290120.0,986904920.0,12306916000.0,8035553880.0,13422068772.3158,444459960.0,19.510620021,1.99909132212631,17.48889,0.96956,0.96956,3783788760.0,5.47661664209267,495500267.00267
NDAQ.O,2018-12-31T00:00:00Z,3352654760.0,1980080880.0,822290120.0,986904920.0,12306916000.0,8035553880.0,13112724737.9296,444459960.0,20.805415083,2.02975435359243,17.48889,0.96956,0.96956,3783788760.0,5.91286714977758,495500267.00267
NDAQ.O,2017-12-31T00:00:00Z,2921835840.0,1784332880.0,773383600.0,912518640.0,11363188320.0,7011517920.0,13299728095.1026,326375280.0,21.611143654,1.92560175054705,16.21074,1.05273,1.05273,3113516560.0,5.79892161867376,502328113.28113
NDAQ.O,2017-12-31T00:00:00Z,2921835840.0,1784332880.0,773383600.0,912518640.0,11363188320.0,7011517920.0,14177983205.1939,326375280.0,23.590356228,,16.21074,1.05273,1.05273,3113516560.0,5.82265598178792,502328113.28113
EEFT.O,2022-12-31T00:00:00Z,2776503247.65,1108218563.1,318540484.35,430852459.95,4466913219.45,3438224999.55,4547123754.20758,210482449.65,25.6282043443704,,6.8774,1.58308,1.58308,1332760675.95,7.9884710723395,49821742.0
EEFT.O,2022-12-31T00:00:00Z,2776503247.65,1108218563.1,318540484.35,430852459.95,4466913219.45,3438224999.55,4498750584.66752,210482449.65,25.6609000348566,,6.8774,1.58308,1.58308,1332760675.95,8.25551142345528,49821742.0
EEFT.O,2021-12-31T00:00:00Z,2214081693.45,809499340.4,164571747.5,264914316.6,3506731605.4,2578711040.8,3969443607.92308,78632255.3,31.283145948,,2.36115,1.78579,1.78579,1053327924.95,8.4060118261171,51147884.0
EEFT.O,2021-12-31T00:00:00Z,2214081693.45,809499340.4,164571747.5,264914316.6,3506731605.4,2578711040.8,3532769023.70371,78632255.3,29.869576874,,2.36115,1.78579,1.78579,1053327924.95,9.36452733342635,51147884.0
EEFT.O,2021-12-31T00:00:00Z,2214081693.45,809499340.4,164571747.5,264914316.6,3506731605.4,2578711040.8,4287512008.14,78632255.3,61.634141111,,2.36115,1.78579,1.78579,1053327924.95,9.85509182468282,51147884.0
EEFT.O,2021-12-31T00:00:00Z,2214081693.45,809499340.4,164571747.5,264914316.6,3506731605.4,2578711040.8,4783686552.2783,78632255.3,99.549484087,,2.36115,1.78579,1.78579,1053327924.95,9.07557456448919,51147884.0
EEFT.O,2020-12-31T00:00:00Z,1815772299.0,662621951.37,112063436.88,204962785.65,3603248624.07,2545758546.96,4275260793.30163,13397967.03,44.050404575,,-0.13691,1.81409,1.81409,1061190809.31,1.65361300409397,52734049.0
EEFT.O,2020-12-31T00:00:00Z,1815772299.0,662621951.37,112063436.88,204962785.65,3603248624.07,2545758546.96,4711013411.1008,13397967.03,60.901269893,,-0.13691,1.81409,1.81409,1061190809.31,10.4394157455651,52734049.0
EEFT.O,2020-12-31T00:00:00Z,1815772299.0,662621951.37,112063436.88,204962785.65,3603248624.07,2545758546.96,4925625676.92976,13397967.03,,,-0.13691,1.81409,1.81409,1061190809.31,10.2191885301141,52734049.0
EEFT.O,2020-12-31T00:00:00Z,1815772299.0,662621951.37,112063436.88,204962785.65,3603248624.07,2545758546.96,5022274333.85313,13397967.03,,,-0.13691,1.81409,1.81409,1061190809.31,8.7539907180508,52734049.0
EEFT.O,2019-12-31T00:00:00Z,2074132207.8,900232729.2,358391314.8,442668639.6,3512811697.2,2321671960.8,5341664980.7921,221847930.0,6756.177156177,,11.67303,1.78627,1.78627,838074582.0,7.96274534621787,54220854.0
EEFT.O,2019-12-31T00:00:00Z,2074132207.8,900232729.2,358391314.8,442668639.6,3512811697.2,2321671960.8,3558460669.90171,221847930.0,52.860317626,,11.67303,1.78627,1.78627,838074582.0,6.76655087466157,54220854.0
EEFT.O,2019-12-31T00:00:00Z,2074132207.8,900232729.2,358391314.8,442668639.6,3512811697.2,2321671960.8,3893291650.76658,221847930.0,18.475599175,,11.67303,1.78627,1.78627,838074582.0,6.39323643207427,54220854.0
EEFT.O,2019-12-31T00:00:00Z,2074132207.8,900232729.2,358391314.8,442668639.6,3512811697.2,2321671960.8,3322441361.96896,221847930.0,14.849023952,,11.67303,1.78627,1.78627,838074582.0,9.16404424974922,54220854.0
EEFT.O,2018-12-31T00:00:00Z,1988412740.52,821681045.24,286087196.44,369194937.92,2603386981.4,1636986794.44,5938509521.21983,160599766.64,30.331673267,,8.69615,1.51451,1.51451,502824529.28,7.23693339715185,51819998.0
EEFT.O,2018-12-31T00:00:00Z,1988412740.52,821681045.24,286087196.44,369194937.92,2603386981.4,1636986794.44,6136432575.06774,160599766.64,31.604347272,,8.69615,1.51451,1.51451,502824529.28,7.94425749446139,51819998.0
EEFT.O,2018-12-31T00:00:00Z,1988412740.52,821681045.24,286087196.44,369194937.92,2603386981.4,1636986794.44,6543068377.83465,160599766.64,40.051421226,,8.69615,1.51451,1.51451,502824529.28,8.67409629255327,51819998.0
EEFT.O,2018-12-31T00:00:00Z,1988412740.52,821681045.24,286087196.44,369194937.92,2603386981.4,1636986794.44,5366831901.69778,160599766.64,35.046367187,,8.69615,1.51451,1.51451,502824529.28,9.36089164720689,51819998.0
EEFT.O,2017-12-31T00:00:00Z,1666972473.76,663238973.76,222063224.24,292393026.64,2323872662.32,1436162984.08,3949476446.97699,140832043.44,28.806167525,,8.81016,1.34273,1.27477,340749113.76,8.94036056868077,52808158.0
EEFT.O,2017-12-31T00:00:00Z,1666972473.76,663238973.76,222063224.24,292393026.64,2323872662.32,1436162984.08,3804197520.54221,140832043.44,28.974697012,,8.81016,1.34273,1.27477,340749113.76,9.24418175418565,52808158.0
EEFT.O,2017-12-31T00:00:00Z,1666972473.76,663238973.76,222063224.24,292393026.64,2323872662.32,1436162984.08,3063899170.52635,140832043.44,23.452898226,,8.81016,1.34273,1.27477,340749113.76,10.4306815609084,52808158.0
CME.O,2022-12-31T00:00:00Z,5966594370.0,,4310401095.0,4610144385.0,143982342405.0,121763065050.0,53915526345.5561,240968475.0,23.5378855918262,2.36852021316682,36.81454,1.0101,1.0101,2905178760.0,5.32697587260541,358932138.0
CME.O,2022-12-31T00:00:00Z,5966594370.0,,4310401095.0,4610144385.0,143982342405.0,121763065050.0,56430244636.9617,240968475.0,25.8893376806657,2.26423638627873,36.81454,1.0101,1.0101,2905178760.0,5.31655973286304,358932138.0
CME.O,2021-12-31T00:00:00Z,3693236890.0,,2182044715.0,2466913125.0,145450158745.0,125197966150.0,51073952303.2013,507648220.0,22.93864567,2.30813618003462,52.37762,1.0085,1.0085,2608386435.0,5.5851828153973,358602138.0
CME.O,2021-12-31T00:00:00Z,3693236890.0,,2182044715.0,2466913125.0,145450158745.0,125197966150.0,58430746339.4524,507648220.0,21.448799016,2.00521355524363,52.37762,1.0085,1.0085,2608386435.0,5.97590722133289,358602138.0
CME.O,2021-12-31T00:00:00Z,3693236890.0,,2182044715.0,2466913125.0,145450158745.0,125197966150.0,61549920238.3909,507648220.0,26.081236842,1.82365277651135,52.37762,1.0085,1.0085,2608386435.0,5.59909459067113,358602138.0
CME.O,2021-12-31T00:00:00Z,3693236890.0,,2182044715.0,2466913125.0,145450158745.0,125197966150.0,65533025969.1789,507648220.0,31.776106776,1.56862745098039,52.37762,1.0085,1.0085,2608386435.0,4.6861419134797,358602138.0
CME.O,2020-12-31T00:00:00Z,3705339831.0,,2062536537.0,2402184765.0,91172291652.0,71899595097.0,62139267823.1533,192569721.0,32.792857161,1.63228292904103,41.55301,1.01231,1.01231,2585612361.0,1.52311683172695,358113138.0
CME.O,2020-12-31T00:00:00Z,3705339831.0,,2062536537.0,2402184765.0,91172291652.0,71899595097.0,53306208617.522,192569721.0,34.687314858,1.69707254985151,41.55301,1.01231,1.01231,2585612361.0,4.1952109761857,358113138.0
CME.O,2020-12-31T00:00:00Z,3705339831.0,,2062536537.0,2402184765.0,91172291652.0,71899595097.0,57056070354.9884,192569721.0,38.276649028,1.7822664488341,41.55301,1.01231,1.01231,2585612361.0,4.01685386227526,358113138.0
CME.O,2020-12-31T00:00:00Z,3705339831.0,,2062536537.0,2402184765.0,91172291652.0,71899595097.0,54548219408.0877,192569721.0,33.396457918,1.87080444591174,41.55301,1.01231,1.01231,2585612361.0,4.20001470969985,358113138.0
CME.O,2019-12-31T00:00:00Z,4152549780.0,,2432822940.0,2789785800.0,56727379260.0,36998035200.0,49364232771.6615,488419920.0,29.135146569,2.25583864118896,38.44058,1.02713,1.02713,2897711820.0,3.52246266911528,357472138.0
CME.O,2019-12-31T00:00:00Z,4152549780.0,,2432822940.0,2789785800.0,56727379260.0,36998035200.0,48060282309.6958,488419920.0,23.905110206,2.0459742447948,38.44058,1.02713,1.02713,2897711820.0,2.60451161787336,357472138.0
CME.O,2019-12-31T00:00:00Z,4152549780.0,,2432822940.0,2789785800.0,56727379260.0,36998035200.0,49216378180.4344,488419920.0,23.117186991,1.90786151169968,38.44058,1.02713,1.02713,2897711820.0,8.66108835937273,357472138.0
CME.O,2019-12-31T00:00:00Z,4152549780.0,,2432822940.0,2789785800.0,56727379260.0,36998035200.0,51716743842.7657,488419920.0,27.712640897,1.38178803371563,38.44058,1.02713,1.02713,2897711820.0,3.10781038066304,357472138.0
CME.O,2018-12-31T00:00:00Z,3378052472.0,,2044045488.0,2238996444.0,60731651716.0,40377972352.0,56297054758.5371,-42643072.0,33.39209457,1.45808019441069,45.52838,1.01488,1.01488,3449855880.0,2.87331553287079,356827138.0
CME.O,2018-12-31T00:00:00Z,3378052472.0,,2044045488.0,2238996444.0,60731651716.0,40377972352.0,64187047408.2281,-42643072.0,38.576563002,1.54305112642732,45.52838,1.01488,1.01488,3449855880.0,2.91004400229486,356827138.0
CME.O,2018-12-31T00:00:00Z,3378052472.0,,2044045488.0,2238996444.0,60731651716.0,40377972352.0,57297261917.9973,-42643072.0,33.933643181,1.67691447736165,45.52838,1.01488,1.01488,3449855880.0,3.33802408038604,356827138.0
CME.O,2018-12-31T00:00:00Z,3378052472.0,,2044045488.0,2238996444.0,60731651716.0,40377972352.0,47496704997.5265,-42643072.0,26.912518004,1.53609831029186,45.52838,1.01488,1.01488,3449855880.0,4.1105074836645,356827138.0
CME.O,2017-12-31T00:00:00Z,2697369576.0,,1710028848.0,1864335528.0,56091551296.0,39505026352.0,54271841846.6031,1550393592.0,13.578142342,1.5280506439642,108.7003,1.02701,1.02701,1652672648.0,5.1701112342059,339238138.0
CME.O,2017-12-31T00:00:00Z,2697369576.0,,1710028848.0,1864335528.0,56091551296.0,39505026352.0,46218971465.8161,1550393592.0,12.456618433,1.75967823026647,108.7003,1.02701,1.02701,1652672648.0,6.11336426532584,339238138.0
CME.O,2017-12-31T00:00:00Z,2697369576.0,,1710028848.0,1864335528.0,56091551296.0,39505026352.0,43292786288.7514,1550393592.0,12.426178953,,108.7003,1.02701,1.02701,1652672648.0,6.09080059899719,339238138.0
CBOE.K,2022-12-31T00:00:00Z,3272294025.0,1439776305.0,780357600.0,918242820.0,5785640685.0,2921050440.0,12434712277.9822,109613790.0,49.548886487418,1.43163922691482,5.91386,1.05334,1.05334,1440024300.0,5.59040912628243,105951199.0
CBOE.K,2022-12-31T00:00:00Z,3272294025.0,1439776305.0,780357600.0,918242820.0,5785640685.0,2921050440.0,12478573954.5475,109613790.0,61.5057547100653,1.62760416666667,5.91386,1.05334,1.05334,1440024300.0,5.5506965754804,105951199.0
CBOE.K,2021-12-31T00:00:00Z,2583181420.0,1091059315.0,605216020.0,728949730.0,5036937675.0,2372449755.0,12225517390.5517,334169715.0,56.143224063,1.60642570281124,15.08813,1.30959,1.30959,960377595.0,6.13993733112517,106646498.0
CBOE.K,2021-12-31T00:00:00Z,2583181420.0,1091059315.0,605216020.0,728949730.0,5036937675.0,2372449755.0,12516403428.1488,334169715.0,60.180485054,1.55616793645648,15.08813,1.30959,1.30959,960377595.0,6.52521041251439,106646498.0
CBOE.K,2021-12-31T00:00:00Z,2583181420.0,1091059315.0,605216020.0,728949730.0,5036937675.0,2372449755.0,10587893544.7364,334169715.0,24.237427865,1.69941582580988,15.08813,1.30959,1.30959,960377595.0,6.17270917619216,106646498.0
CBOE.K,2021-12-31T00:00:00Z,2583181420.0,1091059315.0,605216020.0,728949730.0,5036937675.0,2372449755.0,9952322466.84234,334169715.0,23.249859794,1.61984307770185,15.08813,1.30959,1.30959,960377595.0,5.75976500534949,106646498.0
CBOE.K,2020-12-31T00:00:00Z,2506478127.0,917357391.0,493528476.0,609450621.0,4765972605.0,2316687612.0,10929443943.1697,298910919.0,31.152796824,1.45520691223283,13.62668,1.19303,1.19303,880496343.0,1.55022189288769,107299933.0
CBOE.K,2020-12-31T00:00:00Z,2506478127.0,917357391.0,493528476.0,609450621.0,4765972605.0,2316687612.0,10345675311.122,298910919.0,30.419950536,1.41808052671562,13.62668,1.19303,1.19303,880496343.0,5.27992401597314,107299933.0
CBOE.K,2020-12-31T00:00:00Z,2506478127.0,917357391.0,493528476.0,609450621.0,4765972605.0,2316687612.0,9779630647.02243,298910919.0,28.88630612,1.60965794768612,13.62668,1.19303,1.19303,880496343.0,5.05112795973696,107299933.0
CBOE.K,2020-12-31T00:00:00Z,2506478127.0,917357391.0,493528476.0,609450621.0,4765972605.0,2316687612.0,8287532816.67301,298910919.0,23.128011399,1.83146189905156,13.62668,1.19303,1.19303,880496343.0,4.88728372875282,107299933.0
CBOE.K,2019-12-31T00:00:00Z,1882558620.0,857449980.0,441734940.0,574926660.0,3856903380.0,1326109860.0,7822272582.07332,273246660.0,21.988608994,2.06667486775741,14.93129,2.15767,2.15767,654343920.0,4.30609544618233,110656892.0
CBOE.K,2019-12-31T00:00:00Z,1882558620.0,857449980.0,441734940.0,574926660.0,3856903380.0,1326109860.0,7730909488.39812,273246660.0,21.038850177,1.64196123147092,14.93129,2.15767,2.15767,654343920.0,3.85015625903177,110656892.0
CBOE.K,2019-12-31T00:00:00Z,1882558620.0,857449980.0,441734940.0,574926660.0,3856903380.0,1326109860.0,8713778686.16387,273246660.0,23.786391675,1.44898369893339,14.93129,2.15767,2.15767,654343920.0,8.54659163821934,110656892.0
CBOE.K,2019-12-31T00:00:00Z,1882558620.0,857449980.0,441734940.0,574926660.0,3856903380.0,1326109860.0,8342535075.59052,273246660.0,26.650144075,1.16864145430937,14.93129,2.15767,2.15767,654343920.0,3.75818931511607,110656892.0
CBOE.K,2018-12-31T00:00:00Z,2170406944.0,953903572.0,493374072.0,653285592.0,4171025480.0,1623101928.0,10593721451.088,362622888.0,31.530407136,1.25054277029961,15.24487,1.14734,1.14734,952727752.0,2.07623610884608,111601976.0
CBOE.K,2018-12-31T00:00:00Z,2170406944.0,953903572.0,493374072.0,653285592.0,4171025480.0,1623101928.0,10956736739.6131,362622888.0,31.71392062,1.31735431342055,15.24487,1.14734,1.14734,952727752.0,1.90786061636819,111601976.0
CBOE.K,2018-12-31T00:00:00Z,2170406944.0,953903572.0,493374072.0,653285592.0,4171025480.0,1623101928.0,9783028359.82797,362622888.0,29.010702298,1.22035232752682,15.24487,1.14734,1.14734,952727752.0,2.65492976204698,111601976.0
CBOE.K,2018-12-31T00:00:00Z,2170406944.0,953903572.0,493374072.0,653285592.0,4171025480.0,1623101928.0,8873703367.28169,362622888.0,25.342269333,1.32947357135199,15.24487,1.14734,1.14734,952727752.0,3.54286344386791,111601976.0
CBOE.K,2017-12-31T00:00:00Z,1649712328.0,736823648.0,337698504.0,479941880.0,3897039256.0,1587989656.0,9456033288.44747,182133688.0,31.570285272,1.09880372175454,9.22345,1.3015,1.3015,916145032.0,4.43578583005698,112741217.0
CBOE.K,2017-12-31T00:00:00Z,1649712328.0,736823648.0,337698504.0,479941880.0,3897039256.0,1587989656.0,8966736960.555,182133688.0,33.450575346,1.11191187068877,9.22345,1.3015,1.3015,916145032.0,5.51910178936581,112741217.0
CBOE.K,2017-12-31T00:00:00Z,1649712328.0,736823648.0,337698504.0,479941880.0,3897039256.0,1587989656.0,9615574572.80279,182133688.0,38.076526244,,9.22345,1.3015,1.3015,916145032.0,6.21124682808192,112741217.0
0388.HK,2022-12-31T00:00:00Z,1792495178.94872,,1097683654.52334,1252121499.45579,42981248370.5743,37678176682.246,11217777208.616,64040367.5011204,34.5607552789446,2.2037037037037,59.5134,1.08367,1.08367,236684730.136372,12.7370488497763,1267836895.0
0388.HK,2022-12-31T00:00:00Z,1792495178.94872,,1097683654.52334,1252121499.45579,42981248370.5743,37678176682.246,34850950220.9399,64040367.5011204,43.735586850686,2.16515323496027,59.5134,1.08367,1.08367,236684730.136372,10.820810069058,1267836895.0
0388.HK,2021-12-31T00:00:00Z,1846120943.32846,,1290511640.88355,1418889626.46553,37859559198.5428,33127398740.3474,6990625451.26962,118991412.042382,43.673382162,3.65071770334928,64.37779,1.08413,1.08413,235612477.23133,11.9607919533396,1267836895.0
0388.HK,2021-12-31T00:00:00Z,1846120943.32846,,1290511640.88355,1418889626.46553,37859559198.5428,33127398740.3474,-13483726265.0201,118991412.042382,31.751453018,2.47075208913649,64.37779,1.08413,1.08413,235612477.23133,11.1824147884615,1267836895.0
0388.HK,2021-12-31T00:00:00Z,1846120943.32846,,1290511640.88355,1418889626.46553,37859559198.5428,33127398740.3474,-7520073954.04144,118991412.042382,43.060989309,2.62581409117821,64.37779,1.08413,1.08413,235612477.23133,9.82254384820209,1267836895.0
0388.HK,2021-12-31T00:00:00Z,1846120943.32846,,1290511640.88355,1418889626.46553,37859559198.5428,33127398740.3474,29192725750.069,118991412.042382,37.57576616,2.08713503649635,64.37779,1.08413,1.08413,235612477.23133,9.46572159558458,1267836895.0
0388.HK,2020-12-31T00:00:00Z,1588253028.13359,,1058143508.37816,1171071270.46167,37652587647.5369,33007548972.563,18955751203.691,410389110.328548,45.16069532,1.94350042480884,68.33977,1.08477,1.08477,262366003.63763,9.01625515181351,1267836895.0
0388.HK,2020-12-31T00:00:00Z,1588253028.13359,,1058143508.37816,1171071270.46167,37652587647.5369,33007548972.563,24242354580.4345,410389110.328548,47.205870923,1.64717741935484,68.33977,1.08477,1.08477,262366003.63763,8.87726407071942,1267836895.0
0388.HK,2020-12-31T00:00:00Z,1588253028.13359,,1058143508.37816,1171071270.46167,37652587647.5369,33007548972.563,24186191771.1827,410389110.328548,44.810398181,1.73829787234042,68.33977,1.08477,1.08477,262366003.63763,9.00897252792174,1267836895.0
0388.HK,2020-12-31T00:00:00Z,1588253028.13359,,1058143508.37816,1171071270.46167,37652587647.5369,33007548972.563,37524769111.5524,410389110.328548,50.330327158,1.3470044229996,68.33977,1.08477,1.08477,262366003.63763,8.82183311068228,1267836895.0
0388.HK,2019-12-31T00:00:00Z,1313314890.88575,,821971501.925546,923047856.225931,27016721976.8935,22708293966.6239,26556296346.3571,344472862.644416,50.934131981,1.80983252296056,69.22964,1.10504,1.10504,283091245.186136,8.63585612615448,1261201319.0
0388.HK,2019-12-31T00:00:00Z,1313314890.88575,,821971501.925546,923047856.225931,27016721976.8935,22708293966.6239,32101770991.315,344472862.644416,48.536981611,1.81253376553214,69.22964,1.10504,1.10504,283091245.186136,9.35871733793582,1261201319.0
0388.HK,2019-12-31T00:00:00Z,1313314890.88575,,821971501.925546,923047856.225931,27016721976.8935,22708293966.6239,13869810482.3278,344472862.644416,46.044627011,2.66269841269841,69.22964,1.10504,1.10504,283091245.186136,10.3494320868644,1261201319.0
0388.HK,2019-12-31T00:00:00Z,1313314890.88575,,821971501.925546,923047856.225931,27016721976.8935,22708293966.6239,19352347949.9946,344472862.644416,31.311269914,2.62364760432767,69.22964,1.10504,1.10504,283091245.186136,14.2931993425724,1261201319.0
0388.HK,2018-12-31T00:00:00Z,1426528476.0263,,941977230.415629,1018248258.95422,25618657759.05,21524545055.2257,20800713402.0307,376951041.30754,34.353995519,2.77142857142857,65.3382,1.10395,1.10395,116708686.713912,14.5005612028987,1250632060.0
0388.HK,2018-12-31T00:00:00Z,1426528476.0263,,941977230.415629,1018248258.95422,25618657759.05,21524545055.2257,19718499277.1155,376951041.30754,30.365040597,2.52635542168675,65.3382,1.10395,1.10395,116708686.713912,15.4732456250452,1250632060.0
0388.HK,2018-12-31T00:00:00Z,1426528476.0263,,941977230.415629,1018248258.95422,25618657759.05,21524545055.2257,26722715146.7413,376951041.30754,36.747169349,2.46691176470588,65.3382,1.10395,1.10395,116708686.713912,14.8849217348824,1250632060.0
0388.HK,2018-12-31T00:00:00Z,1426528476.0263,,941977230.415629,1018248258.95422,25618657759.05,21524545055.2257,23080847356.1524,376951041.30754,36.551445893,2.65983606557377,65.3382,1.10395,1.10395,116708686.713912,14.9607086403607,1250632060.0
0388.HK,2017-12-31T00:00:00Z,1096393763.91982,,677975649.591685,759253155.159614,30086318040.0891,26545820638.4558,19061673949.1909,470234892.353378,30.060665235,3.12019230769231,63.97097,1.06983,1.06983,176195991.091314,15.3409166518858,1239809477.0
0388.HK,2017-12-31T00:00:00Z,1096393763.91982,,677975649.591685,759253155.159614,30086318040.0891,26545820638.4558,15178488440.2861,470234892.353378,30.990206265,2.33160621761658,63.97097,1.06983,1.06983,176195991.091314,14.8777149050183,1239809477.0
0388.HK,2017-12-31T00:00:00Z,1096393763.91982,,677975649.591685,759253155.159614,30086318040.0891,26545820638.4558,18683960983.0965,470234892.353378,35.313059248,,63.97097,1.06983,1.06983,176195991.091314,14.7813122743291,1239809477.0
DB1GnEUR.xbo,2022-12-31T00:00:00Z,4718203959.76027,3837411215.75342,1909770285.74486,2204547447.55993,238076615496.575,230060569921.875,37063953807.0457,870176519.691781,20.1252023231458,2.08212839791787,28.0207,1.01011,1.01011,4739613345.46233,5.07318634534902,183738945.0
DB1GnEUR.xbo,2022-12-31T00:00:00Z,4718203959.76027,3837411215.75342,1909770285.74486,2204547447.55993,238076615496.575,230060569921.875,31274067896.899,870176519.691781,22.1151689478134,1.9482496194825,28.0207,1.01011,1.01011,4739613345.46233,4.99253311784589,183738945.0
DB1GnEUR.xbo,2021-12-31T00:00:00Z,3736334936.22536,2948919952.02692,1399886206.03415,1637934082.48642,187311916643.931,180806226991.11,41560483417.1661,664819907.691608,20.988132732,1.94351655025812,27.20506,1.00448,1.00448,5313937788.46372,4.45666995419843,183618782.0
DB1GnEUR.xbo,2021-12-31T00:00:00Z,3736334936.22536,2948919952.02692,1399886206.03415,1637934082.48642,187311916643.931,180806226991.11,31835237873.2203,664819907.691608,23.058779673,1.87683284457478,27.20506,1.00448,1.00448,5313937788.46372,4.79528044512617,183618782.0
DB1GnEUR.xbo,2021-12-31T00:00:00Z,3736334936.22536,2948919952.02692,1399886206.03415,1637934082.48642,187311916643.931,180806226991.11,39486786004.4863,664819907.691608,22.354256133,1.92539109506618,27.20506,1.00448,1.00448,5313937788.46372,3.98519368206139,183618782.0
DB1GnEUR.xbo,2021-12-31T00:00:00Z,3736334936.22536,2948919952.02692,1399886206.03415,1637934082.48642,187311916643.931,180806226991.11,27853243503.1812,664819907.691608,24.784089527,1.90839694656489,27.20506,1.00448,1.00448,5313937788.46372,3.93650852850266,183618782.0
DB1GnEUR.xbo,2020-12-31T00:00:00Z,3355298324.37714,2870636182.21788,1563138128.96922,1791981551.05032,136375226823.4,130519175459.209,28960182529.7794,584077727.1617,23.331022965,2.0891364902507,28.74827,1.02213,1.02213,4284248983.87885,2.80346847442323,183521257.0
DB1GnEUR.xbo,2020-12-31T00:00:00Z,3355298324.37714,2870636182.21788,1563138128.96922,1791981551.05032,136375226823.4,130519175459.209,26186284986.3344,584077727.1617,23.779703473,2.13143872113677,28.74827,1.02213,1.02213,4284248983.87885,2.83322653689455,183521257.0
DB1GnEUR.xbo,2020-12-31T00:00:00Z,3355298324.37714,2870636182.21788,1563138128.96922,1791981551.05032,136375226823.4,130519175459.209,33026786596.8015,584077727.1617,26.213720176,2.09351011863224,28.74827,1.02213,1.02213,4284248983.87885,2.4578865919835,183521257.0
DB1GnEUR.xbo,2020-12-31T00:00:00Z,3355298324.37714,2870636182.21788,1563138128.96922,1791981551.05032,136375226823.4,130519175459.209,22632114997.7717,584077727.1617,24.073174295,2.18702865761689,28.74827,1.02213,1.02213,4284248983.87885,3.15669020584332,183521257.0
DB1GnEUR.xbo,2019-12-31T00:00:00Z,2803034190.5253,2482267112.07766,1342419523.35045,1532140483.82396,115967613456.494,110801352756.541,26087197355.3495,490281572.988364,23.994472225,2.29521171349426,30.27991,1.02462,1.02462,2540603771.04679,2.23727993078244,183429035.0
DB1GnEUR.xbo,2019-12-31T00:00:00Z,2803034190.5253,2482267112.07766,1342419523.35045,1532140483.82396,115967613456.494,110801352756.541,26880448357.7262,490281572.988364,25.332210464,1.875808538163,30.27991,1.02462,1.02462,2540603771.04679,1.90847941523914,183429035.0
DB1GnEUR.xbo,2019-12-31T00:00:00Z,2803034190.5253,2482267112.07766,1342419523.35045,1532140483.82396,115967613456.494,110801352756.541,40994122004.9641,490281572.988364,26.979034919,2.04585537918871,30.27991,1.02462,1.02462,2540603771.04679,5.69423793428967,183429035.0
DB1GnEUR.xbo,2019-12-31T00:00:00Z,2803034190.5253,2482267112.07766,1342419523.35045,1532140483.82396,115967613456.494,110801352756.541,21835726286.5336,490281572.988364,22.854217517,1.83611016661,30.27991,1.02462,1.02462,2540603771.04679,2.5652990231861,183429035.0
DB1GnEUR.xbo,2018-12-31T00:00:00Z,2816113533.35168,2499026557.48234,1367600532.15891,1523851500.13763,145551732392.88,141089499628.406,24185289889.1502,371298330.12203,27.645669897,1.94314501619287,26.31529,1.0151,1.0151,2447152674.5573,2.31353551282644,183347045.0
DB1GnEUR.xbo,2018-12-31T00:00:00Z,2816113533.35168,2499026557.48234,1367600532.15891,1523851500.13763,145551732392.88,141089499628.406,24880598386.007,371298330.12203,29.031219696,2.13776722090261,26.31529,1.0151,1.0151,2447152674.5573,2.24920927957972,183347045.0
DB1GnEUR.xbo,2018-12-31T00:00:00Z,2816113533.35168,2499026557.48234,1367600532.15891,1523851500.13763,145551732392.88,141089499628.406,21528167301.0027,371298330.12203,26.923726209,2.27081581160639,26.31529,1.0151,1.0151,2447152674.5573,2.60042300963579,183347045.0
DB1GnEUR.xbo,2018-12-31T00:00:00Z,2816113533.35168,2499026557.48234,1367600532.15891,1523851500.13763,145551732392.88,141089499628.406,17494826247.8968,371298330.12203,25.625159737,2.10752688172043,26.31529,1.0151,1.0151,2447152674.5573,2.86541479071949,183347045.0
DB1GnEUR.xbo,2017-12-31T00:00:00Z,2488063003.08298,2186033017.83808,1156716248.60546,1298675668.47807,119978703844.724,115575742325.548,18909404518.372,415224644.617987,21.673987704,2.1904336164506,31.19715,1.00893,1.00893,2733007367.95384,3.42623406084025,186610158.0
DB1GnEUR.xbo,2017-12-31T00:00:00Z,2488063003.08298,2186033017.83808,1156716248.60546,1298675668.47807,119978703844.724,115575742325.548,21042760149.5119,415224644.617987,24.470616176,2.17391304347826,31.19715,1.00893,1.00893,2733007367.95384,3.14060999610318,186610158.0
DB1GnEUR.xbo,2017-12-31T00:00:00Z,2488063003.08298,2186033017.83808,1156716248.60546,1298675668.47807,119978703844.724,115575742325.548,19824692826.0158,415224644.617987,25.236558189,,31.19715,1.00893,1.00893,2733007367.95384,3.5781867322013,186610158.0
MKTX.O,2022-12-31T00:00:00Z,593782695.0,550000004.4,270212045.4,321006381.3,1329067203.75,435381675.3,7489530811.38809,127185062.4,37.9405131301286,0.904607846216666,34.83558,,,0.0,6.77921199336783,37648148.0
MKTX.O,2022-12-31T00:00:00Z,593782695.0,550000004.4,270212045.4,321006381.3,1329067203.75,435381675.3,11582791763.9032,127185062.4,58.8690179770987,0.791534973203243,34.83558,,,0.0,7.12128782861665,37648148.0
MKTX.O,2022-12-31T00:00:00Z,593782695.0,550000004.4,270212045.4,321006381.3,1329067203.75,435381675.3,8413506944.37243,127185062.4,43.291313331,1.14735289296837,34.83558,,,0.0,6.8068702829477,37648148.0
MKTX.O,2021-12-31T00:00:00Z,516629631.65,485234974.55,249267250.25,288772600.3,1131233595.8,361550048.45,7243732355.29111,118949192.05,34.843985893,1.03404978211094,36.89643,,,0.0,7.21926572563478,37918956.0
MKTX.O,2021-12-31T00:00:00Z,516629631.65,485234974.55,249267250.25,288772600.3,1131233595.8,361550048.45,7636809300.18571,118949192.05,40.178851683,1.06217518303555,36.89643,,,0.0,6.49581956110121,37918956.0
MKTX.O,2021-12-31T00:00:00Z,516629631.65,485234974.55,249267250.25,288772600.3,1131233595.8,361550048.45,9415109295.50541,118949192.05,50.265437562,0.812819321876451,36.89643,,,0.0,4.53310155082595,37918956.0
MKTX.O,2021-12-31T00:00:00Z,516629631.65,485234974.55,249267250.25,288772600.3,1131233595.8,361550048.45,11239837659.7595,118949192.05,56.290701844,0.645997993491081,36.89643,,,0.0,1.515266,37918956.0
MKTX.O,2020-12-31T00:00:00Z,504005351.25,479071485.21,274064817.36,300391211.88,973767227.73,275264264.16,11559351630.5956,145673545.23,55.64366048,0.555590630721637,43.44306,,,0.0,4.10503071438943,38005330.0
MKTX.O,2020-12-31T00:00:00Z,504005351.25,479071485.21,274064817.36,300391211.88,973767227.73,275264264.16,12452027412.6501,145673545.23,58.004071383,0.540474143225648,43.44306,,,0.0,3.73630162004069,38005330.0
MKTX.O,2020-12-31T00:00:00Z,504005351.25,479071485.21,274064817.36,300391211.88,973767227.73,275264264.16,13395744536.3001,145673545.23,63.440290292,0.48820179007323,43.44306,,,0.0,3.95699614859409,38005330.0
MKTX.O,2020-12-31T00:00:00Z,504005351.25,479071485.21,274064817.36,300391211.88,973767227.73,275264264.16,15614805296.1588,145673545.23,78.601224425,0.445392966502737,43.44306,,,0.0,3.33791075597308,38005330.0
MKTX.O,2019-12-31T00:00:00Z,385661678.4,365455152.0,189215204.4,209470753.8,720208206.0,139405573.8,13845291742.3626,91128477.6,69.754102991,0.464486162183085,40.07064,,,754200.0,3.85957477726512,37935984.0
MKTX.O,2019-12-31T00:00:00Z,385661678.4,365455152.0,189215204.4,209470753.8,720208206.0,139405573.8,15022381368.0517,91128477.6,83.833177132,0.527460934924507,40.07064,,,754200.0,9.08776714562072,37935984.0
MKTX.O,2019-12-31T00:00:00Z,385661678.4,365455152.0,189215204.4,209470753.8,720208206.0,139405573.8,9893308651.14618,91128477.6,61.60369285,0.677621548365238,40.07064,,,754200.0,2.6321910165804,37935984.0
MKTX.O,2019-12-31T00:00:00Z,385661678.4,365455152.0,189215204.4,209470753.8,720208206.0,139405573.8,10559660572.8054,91128477.6,71.814329526,0.553460484549228,40.07064,,,754200.0,2.86876686462635,37935984.0
MKTX.O,2018-12-31T00:00:00Z,341430692.2,322722612.12,166640345.92,184732296.32,545219111.32,68715704.68,9830841345.9099,67027227.16,67.138309017,0.605269404225018,39.59271,,,1332596.0,2.55041169987886,37639917.0
MKTX.O,2018-12-31T00:00:00Z,341430692.2,322722612.12,166640345.92,184732296.32,545219111.32,68715704.68,9340451907.79501,67027227.16,68.703122228,0.732942909495922,39.59271,,,1332596.0,3.33375924551427,37639917.0
MKTX.O,2018-12-31T00:00:00Z,341430692.2,322722612.12,166640345.92,184732296.32,545219111.32,68715704.68,6924493805.66611,67027227.16,54.018575471,0.949853331470876,39.59271,,,1332596.0,3.54144773715928,37639917.0
MKTX.O,2018-12-31T00:00:00Z,341430692.2,322722612.12,166640345.92,184732296.32,545219111.32,68715704.68,6062219929.3856,67027227.16,46.488246488,0.801259121476606,39.59271,,,1332596.0,3.77839221043092,37639917.0
MKTX.O,2017-12-31T00:00:00Z,291163753.76,276326629.92,147731069.2,161995371.12,430158178.56,49188677.12,5016408892.60757,77425689.44,40.355783862,0.867007276668215,40.61517,,,666072.0,5.25725531994436,37620736.0
MKTX.O,2017-12-31T00:00:00Z,291163753.76,276326629.92,147731069.2,161995371.12,430158178.56,49188677.12,5515714038.54077,77425689.44,45.462482997,,40.61517,,,666072.0,6.28228280251175,37620736.0
